@online{vosskuhle,
	title="Remove trailing white space",
	url="https://github.com/cmhughes/latexindent.pl/pull/12",
	author="Michel Vo{\ss}kuhle",}
@online{jacobo-diaz-she-bang,
	title="Changed shebang to make the script more portable",
	url="https://github.com/cmhughes/latexindent.pl/pull/17",
	author="Jacobo Diaz",}
@online{jacobo-diaz-hidden-config,
	title="Hiddenconfig",
	url="https://github.com/cmhughes/latexindent.pl/pull/18",
	author="Jacobo Diaz",}
@online{jasjuang,
	title="add in PATH installation",
	url="https://github.com/cmhughes/latexindent.pl/pull/38",
	author="Jason Juang",}
