@online{cmh:videodemo,
	title="Video demonstration of latexindet.pl on youtube",
	url="http://www.youtube.com/watch?v=s_AMmNVg5WM",
    urldate= {2017-01-23},
    }
@online{cpan,
	title="CPAN: Comprehensive Perl Archive Network",
    urldate= {2017-01-23},
	url="http://www.cpan.org/"}
@online{strawberryperl,
	title="Strawberry Perl",
    urldate= {2017-01-23},
	url="http://strawberryperl.com/"}
@online{cmhblog,
	title="A Perl script for indenting tex files",
    urldate= {2017-01-23},
	url="http://tex.blogoverflow.com/2012/08/a-perl-script-for-indenting-tex-files/"}
@online{latexindent-home,
	title="Home of latexindent.pl",
    urldate= {2017-01-23},
	url="https://github.com/cmhughes/latexindent.pl"}
@online{perlbrew,
	title="Perlbrew",
    urldate= {2017-01-23},
	url="http://perlbrew.pl/"}
